<?xml version="1.0" encoding="UTF-8"?><collection xmlns="http://www.loc.gov/MARC21/slim"><record><leader>00392nam--2200145-i-4500</leader><controlfield tag="001">000002815</controlfield><controlfield tag="002">20161230</controlfield><controlfield tag="005">20161230201025</controlfield><controlfield tag="008">060222s1000------------r-----000-0-eng-d</controlfield><datafield ind1=" " ind2=" " tag="080"><subfield code="a">513.83</subfield></datafield><datafield ind1=" " ind2=" " tag="100"><subfield code="a">Bourbaki, N</subfield></datafield><datafield ind1=" " ind2=" " tag="245"><subfield code="a">Espacxes vectoriels topologiques. fasc. de res ultats</subfield></datafield><datafield ind1=" " ind2=" " tag="260"><subfield code="a">Paris, Hermann Et C-ie, 1953-1955</subfield></datafield><datafield ind1=" " ind2=" " tag="490"><subfield code="a">Elements De Mathematique, Livre V</subfield></datafield><datafield ind1=" " ind2=" " tag="852"><subfield code="a">10662</subfield></datafield></record></collection>